%% Created using Papers on Sat, 25 May 2013.
%% http://papersapp.com/papers/

@article{Lovis:2011vs,
author = {Lovis, C and Dumusque, X and Santos, N C and Bouchy, F and Mayor, M and Pepe, F and Queloz, D and S{\'e}gransan, D and Udry, S},
title = {{The HARPS search for southern extra-solar planets. XXXI. Magnetic activity cycles in solar-type stars: statistics and impact on precise radial velocities}},
journal = {arXiv},
year = {2011},
eprint = {1107.5325v1},
eprinttype = {arxiv},
eprintclass = {astro-ph.SR},
month = jul
}

@article{2010A&A...512A..39M,
author = {Meunier, N and Desort, M and Lagrange, A-M},
title = {{Using the Sun to estimate Earth-like planets detection capabilities . II. Impact of plages}},
journal = {A{\&}A},
year = {2010},
volume = {512},
pages = {39},
month = mar
}

@article{2010A&A...519A..66M,
author = {Meunier, N and Lagrange, A-M and Desort, M},
title = {{Reconstructing the solar integrated radial velocity using MDI/SOHO}},
journal = {A{\&}A},
year = {2010},
volume = {519},
pages = {66},
month = sep
}

@article{2011A&A...528L...9L,
author = {Lagrange, A-M and Meunier, N and Desort, M and Malbet, F},
title = {{Using the Sun to estimate Earth-like planets detection capabilities . III. Impact of spots and plages on astrometric detection}},
journal = {A{\&}A},
year = {2011},
volume = {528},
pages = {L9},
month = apr
}

@article{Dumusque:2011uz,
author = {Dumusque, X and Lovis, C and S{\'e}gransan, D and Mayor, M and Udry, S and Benz, W and Bouchy, F and Lo Curto, G and Mordasini, C and Pepe, F and Queloz, D and Santos, N C and Naef, D},
title = {{The HARPS search for southern extra-solar planets. XXX. Planetary systems around stars with solar-like magnetic cycles and short-term activity variation}},
journal = {arXiv},
year = {2011},
eprint = {1107.1748v1},
eprinttype = {arxiv},
eprintclass = {astro-ph.EP},
month = jul
}

@article{Roettenbacher:2013vr,
author = {Roettenbacher, Rachael M and Monnier, John D. and Harmon, Robert O and Barclay, Thomas and Still, Martin},
title = {{Imaging starspot evolution on Kepler target KIC 5110407 using light curve inversion}},
journal = {arXiv},
year = {2013},
eprint = {1302.6268v1},
eprinttype = {arxiv},
eprintclass = {astro-ph.SR},
month = feb
}

@article{1988ApJ...334.1008T,
author = {Toner, C G and Gray, David F},
title = {{The starpatch on the G8 dwarf XI Bootis A}},
journal = {Astrophysical Journal},
year = {1988},
volume = {334},
pages = {1008--1020},
month = nov
}

@article{1982Natur.297..208L,
author = {Livingston, W C},
title = {{Magnetic fields, convection and solar luminosity variability}},
journal = {Nature},
year = {1982},
volume = {297},
pages = {208},
month = may
}

@article{1996SSRv...75..453N,
author = {Narain, U and Ulmschneider, P},
title = {{Chromospheric and Coronal Heating Mechanisms II}},
journal = {Space Science Reviews},
year = {1996},
volume = {75},
number = {3},
pages = {453--509},
month = feb
}

@article{2012Natur.491..207D,
author = {Dumusque, Xavier and Pepe, Francesco and Lovis, Christophe and Segransan, Damien and Sahlmann, Johannes and Benz, Willy and Bouchy, Francois and Mayor, Michel and Queloz, Didier and Santos, Nuno and Udry, St{\'e}phane},
title = {{An Earth-mass planet orbiting {\alpha} Centauri B}},
journal = {Nature},
year = {2012},
volume = {491},
number = {7},
pages = {207--211},
month = nov
}

@phdthesis{Dumusque:2012ul,
author = {Dumusque, Xavier},
title = {{Mitigating stellar signals in the quest for other Earths}},
school = {Universit{\'e} de Geneve},
year = {2012},
month = nov
}

@article{Borrero:2013tn,
author = {Borrero, J M and Pillet, V Martinez and Schmidt, W and Noda, C Quintero and Bonet, J A and del Toro Iniesta, J C and Rubio, L R Bellot},
title = {{Is magnetic reconnection the cause of supersonic upflows in granular cells ?}},
journal = {arXiv},
year = {2013},
eprint = {1303.2557v1},
eprinttype = {arxiv},
eprintclass = {astro-ph.SR},
month = mar
}

@article{Isaacson:2010gk,
author = {Isaacson, Howard and Fischer, Debra},
title = {{Chromospheric Activity and Jitter Measurements for 2630 Stars on the California Planet Search}},
journal = {ApJ},
year = {2010},
volume = {725},
pages = {875--885}
}

@article{daSilva:2012vj,
author = {da Silva, J. Gomes and Santos, N C and Bonfils, X and Delfosse, X and Forveille, T and Udry, S and Dumusque, X and Lovis, C},
title = {{Long-term magnetic activity of a sample of M-dwarf stars from the HARPS program II. Activity and radial velocity}},
journal = {arXiv},
year = {2012},
eprint = {1202.1564v1},
eprinttype = {arxiv},
eprintclass = {astro-ph.SR},
month = feb
}

@article{2013arXiv1304.5505L,
author = {Lagrange, A-M and Meunier, N and Chauvin, G and Sterzik, M and Galland, F and Lo Curto, G and Rameau, J and Sosnowska, D},
title = {{Planets around stars in young nearby associations *** radial Velocity searches: a feasibility study, and first results}},
journal = {arXiv},
year = {2013},
eprint = {1304.5505},
eprinttype = {arxiv},
eprintclass = {astro-ph.EP},
pages = {5505},
month = apr
}

@article{2007A&A...466.1131R,
author = {Rezaei, R and Schlichenmaier, R and Beck, C A R and Bruls, J H M J and Schmidt, W},
title = {{Relation between photospheric magnetic field and chromospheric emission}},
journal = {A{\&}A},
year = {2007},
volume = {466},
number = {3},
pages = {1131--1144},
month = may
}

@article{2013A&A...551A.101M,
author = {Meunier, N and Lagrange, A-M},
title = {{Using the Sun to estimate Earth-like planets detection capabilities. IV. Correcting for the convective component}},
journal = {A{\&}A},
year = {2013},
volume = {551},
pages = {101},
month = mar
}

@article{2013AN....334..141M,
author = {Meunier, N and Lagrange, A-M},
title = {{Using the Sun to study the impact of stellar activity on exoplanet detectability}},
journal = {Astron. Nachr.},
year = {2013},
volume = {334},
number = {1},
pages = {141},
month = feb
}

@article{2011A&A...525A.140D,
author = {Dumusque, X and Udry, S and Lovis, C and Santos, N C and Monteiro, M J P F G},
title = {{Planetary detection limits taking into account stellar noise. I. Observational strategies to reduce stellar oscillation and granulation effects}},
journal = {A{\&}A},
year = {2011},
volume = {525},
pages = {140},
month = jan
}

@article{2011A&A...527A..82D,
author = {Dumusque, X and Santos, N C and Udry, S and Lovis, C and Bonfils, X},
title = {{Planetary detection limits taking into account stellar noise. II. Effect of stellar spot groups on radial-velocities}},
journal = {A{\&}A},
year = {2011},
volume = {527},
pages = {82},
month = mar
}

@article{2012A&A...545A..87M,
author = {Meunier, N and Lagrange, A-M and De Bondt, K},
title = {{Comparison of different exoplanet mass detection limit methods using a sample of main-sequence intermediate-type stars}},
journal = {A{\&}A},
year = {2012},
volume = {545},
pages = {87},
month = sep
}

@article{2009A&A...501.1103M,
author = {Meunier, N and Delfosse, X},
title = {{On the correlation between Ca and H{\alpha} solar emission and consequences for stellar activity observations}},
journal = {A{\&}A},
year = {2009},
volume = {501},
number = {3},
pages = {1103--1112},
month = jul
}

@article{Gray1991,
author = {Gray, David F and Johanson, Heather L},
title = {{Precise measurement of stellar temperatures using line-depth ratios}},
journal = {Astronomical Society of the Pacific},
year = {1991},
volume = {103},
pages = {439--443},
month = may
}

@article{2010A&A...512A...4R,
author = {Rieutord, M and Roudier, T and Rincon, F and Malherbe, J M and Meunier, N and Berger, T and Frank, Z},
title = {{On the power spectrum of solar surface flows}},
journal = {A{\&}A},
year = {2010},
volume = {512},
pages = {4},
month = mar
}

@article{Lagrange:2010ij,
author = {Lagrange, A-M and Desort, M and Meunier, N},
title = {{Using the Sun to estimate Earth-like planets detection capabilities}},
journal = {A{\&}A},
year = {2010},
volume = {512},
pages = {A38},
month = mar
}

