%% Created using Papers on Mon, 05 Aug 2013.
%% http://papersapp.com/papers/

@article{2013AN....334..141M,
author = {Meunier, N and Lagrange, A-M},
title = {{Using the Sun to study the impact of stellar activity on exoplanet detectability}},
journal = {Astron. Nachr.},
year = {2013},
volume = {334},
number = {1},
pages = {141},
month = feb
}

@article{2012A&A...545A..87M,
author = {Meunier, N and Lagrange, A-M and De Bondt, K},
title = {{Comparison of different exoplanet mass detection limit methods using a sample of main-sequence intermediate-type stars}},
journal = {A{\&}A},
year = {2012},
volume = {545},
pages = {87},
month = sep
}

@article{2011A&A...525A.140D,
author = {Dumusque, X and Udry, S and Lovis, C and Santos, N C and Monteiro, M J P F G},
title = {{Planetary detection limits taking into account stellar noise. I. Observational strategies to reduce stellar oscillation and granulation effects}},
journal = {A{\&}A},
year = {2011},
volume = {525},
pages = {140},
month = jan
}

@article{2011A&A...527A..82D,
author = {Dumusque, X and Santos, N C and Udry, S and Lovis, C and Bonfils, X},
title = {{Planetary detection limits taking into account stellar noise. II. Effect of stellar spot groups on radial-velocities}},
journal = {A{\&}A},
year = {2011},
volume = {527},
pages = {82},
month = mar
}

@article{2009A&A...501.1103M,
author = {Meunier, N and Delfosse, X},
title = {{On the correlation between Ca and H$\alpha$ solar emission and consequences for stellar activity observations}},
journal = {A{\&}A},
year = {2009},
volume = {501},
number = {3},
pages = {1103--1112},
month = jul
}

@article{2010A&A...512A...4R,
author = {Rieutord, M and Roudier, T and Rincon, F and Malherbe, J M and Meunier, N and Berger, T and Frank, Z},
title = {{On the power spectrum of solar surface flows}},
journal = {A{\&}A},
year = {2010},
volume = {512},
pages = {4},
month = mar
}

@article{Henry:1996dn,
author = {Henry, Todd J and Soderblom, David R and Donahue, Robert A and Baliunas, Sallie L},
title = {{A Survey of CA II H and K Chromospheric Emission in Southern Solar-Type Stars}},
journal = {ApJ},
year = {1996},
volume = {111},
pages = {439},
month = jan
}

@article{Lagrange:2010ij,
author = {Lagrange, A-M and Desort, M and Meunier, N},
title = {{Using the Sun to estimate Earth-like planets detection capabilities}},
journal = {A{\&}A},
year = {2010},
volume = {512},
pages = {A38},
month = mar
}

@article{2010A&A...512A..39M,
author = {Meunier, N and Desort, M and Lagrange, A-M},
title = {{Using the Sun to estimate Earth-like planets detection capabilities . II. Impact of plages}},
journal = {A{\&}A},
year = {2010},
volume = {512},
pages = {39},
month = mar
}

@article{2010A&A...519A..66M,
author = {Meunier, N and Lagrange, A-M and Desort, M},
title = {{Reconstructing the solar integrated radial velocity using MDI/SOHO}},
journal = {A{\&}A},
year = {2010},
volume = {519},
pages = {66},
month = sep
}

@article{2011A&A...528L...9L,
author = {Lagrange, A-M and Meunier, N and Desort, M and Malbet, F},
title = {{Using the Sun to estimate Earth-like planets detection capabilities . III. Impact of spots and plages on astrometric detection}},
journal = {A{\&}A},
year = {2011},
volume = {528},
pages = {L9},
month = apr
}

@article{GarciaHernandez:2009ff,
author = {Garc{\'\i}a Hern{\'a}ndez, A and Moya, A and Michel, E and Garrido, R and Suarez, J C and Rodr{\'\i}guez, E and Amado, P J and Mart{\'\i}n-Ruiz, S and Rolland, A and Poretti, E and Samadi, R and Baglin, A and Auvergne, M and Catala, C and Lefevre, L and Baudin, F},
title = {{Asteroseismic analysis of the CoRoT $\delta$ Scuti star HDâ€‰174936}},
journal = {A{\&}A},
year = {2009},
volume = {506},
number = {1},
pages = {79--83},
month = oct,
annote = {frequency spectrum of oscilating stars
mentioned in Hatzes 2013}
}

@article{2009A&A...506..303Q,
author = {Queloz, D and Bouchy, F and Moutou, C and Hatzes, A and H{\'e}brard, G and Alonso, R and Auvergne, M and Baglin, A and Barbieri, M and Barge, P and Benz, W and Borde, P and Deeg, H J and Deleuil, M and Dvorak, R and Erikson, A and Ferraz-Mello, S and Fridlund, M and Gandolfi, D and Gillon, M and Guenther, E and Guillot, T and Jorda, L and Hartmann, M and Lammer, H and Leger, A and Llebaria, A and Lovis, C and Magain, P and Mayor, M and Mazeh, T and Ollivier, M and Patzold, M and Pepe, F and Rauer, H and Rouan, D and Schneider, J and S{\'e}gransan, D and Udry, S and Wuchterl, G},
title = {{The CoRoT-7 planetary system: two orbiting super-Earths}},
journal = {A{\&}A},
year = {2009},
volume = {506},
number = {1},
pages = {303--319},
month = oct
}

@article{1994PASP..106..566H,
author = {Hamuy, Mario and Suntzeff, N B and Heathcote, S R and Walker, A R and Gigoux, P and Phillips, M M},
title = {{Southern spectrophotometric standards, 2}},
journal = {Astronomical Society of the Pacific},
year = {1994},
volume = {106},
pages = {566--589},
month = jun
}

@article{1992PASP..104..533H,
author = {Hamuy, Mario and Walker, A R and Suntzeff, N B and Gigoux, P and Heathcote, S R and Phillips, M M},
title = {{Southern spectrophotometric standards.}},
journal = {Astronomical Society of the Pacific},
year = {1992},
volume = {104},
pages = {533--552},
month = jul
}

@article{1984ApJS...54..259T,
author = {Taylor, B J},
title = {{An augmented system of secondary standards for bright-star spectrophotometry}},
journal = {Astrophysical Journal Supplement Series (ISSN 0067-0049)},
year = {1984},
volume = {54},
pages = {259--270},
month = feb
}

@article{1988ApJ...334.1008T,
author = {Toner, C G and Gray, David F},
title = {{The starpatch on the G8 dwarf XI Bootis A}},
journal = {Astrophysical Journal},
year = {1988},
volume = {334},
pages = {1008--1020},
month = nov
}

@article{Stritzinger:2005dt,
author = {Stritzinger, Maximilian and Suntzeff, Nicholas B and Hamuy, Mario and Challis, Peter and Demarco, Ricardo and Germany, Lisa and Soderberg, A M},
title = {{An Atlas of Spectrophotometric Landolt Standard Stars}},
journal = {Publications of the Astronomical Society of the Pacific},
year = {2005},
volume = {117},
number = {834},
pages = {810--822},
month = aug
}

@article{1982Natur.297..208L,
author = {Livingston, W C},
title = {{Magnetic fields, convection and solar luminosity variability}},
journal = {Nature},
year = {1982},
volume = {297},
pages = {208},
month = may
}

@article{daSilva:2012vj,
author = {da Silva, J. Gomes and Santos, N C and Bonfils, X and Delfosse, X and Forveille, T and Udry, S and Dumusque, X and Lovis, C},
title = {{Long-term magnetic activity of a sample of M-dwarf stars from the HARPS program II. Activity and radial velocity}},
journal = {arXiv},
year = {2012},
eprint = {1202.1564v1},
eprinttype = {arxiv},
eprintclass = {astro-ph.SR},
month = feb
}

@article{Eggenberger:2007p7256,
author = {Eggenberger, A and Udry, S and Chauvin, G and Beuzit, J-L and Lagrange, A-M and S{\'e}gransan, D and Mayor, M},
title = {{The impact of stellar duplicity on planet occurrence and properties. I. Observational results of a VLT/NACO search for stellar companions to 130 nearby stars with and without planets}},
journal = {A{\&}A},
year = {2007},
volume = {474},
pages = {273},
month = oct
}

@article{Borrero:2013tn,
author = {Borrero, J M and Pillet, V Martinez and Schmidt, W and Noda, C Quintero and Bonet, J A and del Toro Iniesta, J C and Rubio, L R Bellot},
title = {{Is magnetic reconnection the cause of supersonic upflows in granular cells ?}},
journal = {arXiv},
year = {2013},
eprint = {1303.2557v1},
eprinttype = {arxiv},
eprintclass = {astro-ph.SR},
month = mar
}

@article{Dumusque2012,
author = {Dumusque, Xavier and Pepe, Francesco and Lovis, Christophe and Segransan, Damien and Sahlmann, Johannes and Benz, Willy and Bouchy, Francois and Mayor, Michel and Queloz, Didier and Santos, Nuno and Udry, St{\'e}phane},
title = {{An Earth-mass planet orbiting $\alpha$ Centauri B}},
journal = {Nature},
year = {2012},
volume = {491},
number = {7},
pages = {207--211},
month = nov
}

@article{Gray1991,
author = {Gray, David F and Johanson, Heather L},
title = {{Precise measurement of stellar temperatures using line-depth ratios}},
journal = {Astronomical Society of the Pacific},
year = {1991},
volume = {103},
pages = {439--443},
month = may
}

@phdthesis{Dumusque:2012ul,
author = {Dumusque, Xavier},
title = {{Mitigating stellar signals in the quest for other Earths}},
school = {Universit{\'e} de Geneve},
year = {2012},
month = nov
}

@article{2010SoPh..262..299H,
author = {Henwood, R and Chapman, S C and Willis, D M},
title = {{Increasing Lifetime of Recurrent Sunspot Groups Within the Greenwich Photoheliographic Results}},
journal = {Solar Physics},
year = {2010},
volume = {262},
number = {2},
pages = {299--313},
month = apr
}

@article{1997SoPh..176..249P,
author = {Petrovay, K and van Driel-Gesztelyi, L},
title = {{Making Sense of Sunspot Decay. I. Parabolic Decay Law and Gnevyshev-Waldmeier Relation}},
journal = {Solar Physics},
year = {1997},
volume = {176},
number = {2},
pages = {249--266},
month = dec
}

@article{2013arXiv1306.1717T,
author = {Tuomi, Mikko and Anglada-Escud{\'e}, Guillem},
title = {{Up to four planets around the M dwarf GJ 163. Sensitivity of Bayesian planet detection criteria to prior choice}},
journal = {arXiv},
year = {2013},
eprint = {1306.1717},
eprinttype = {arxiv},
eprintclass = {astro-ph.EP},
pages = {1717},
month = jun
}

@article{Isaacson:2010gk,
author = {Isaacson, Howard and Fischer, Debra},
title = {{Chromospheric Activity and Jitter Measurements for 2630 Stars on the California Planet Search}},
journal = {ApJ},
year = {2010},
volume = {725},
pages = {875--885}
}

@article{Tanner:2010bp,
author = {Tanner, Angelle M. and Gelino, Christopher R. and Law, Nicholas M.},
title = {{A High-Contrast Imaging Survey of SIM LitePlanet Search Targets}},
journal = {Publications of the Astronomical Society of the Pacific},
year = {2010},
volume = {122},
number = {896},
pages = {1195--1206},
month = oct
}

@article{Roettenbacher:2013vr,
author = {Roettenbacher, Rachael M and Monnier, John D. and Harmon, Robert O and Barclay, Thomas and Still, Martin},
title = {{Imaging starspot evolution on Kepler target KIC 5110407 using light curve inversion}},
journal = {arXiv},
year = {2013},
eprint = {1302.6268v1},
eprinttype = {arxiv},
eprintclass = {astro-ph.SR},
month = feb
}

@article{1996SSRv...75..453N,
author = {Narain, U and Ulmschneider, P},
title = {{Chromospheric and Coronal Heating Mechanisms II}},
journal = {Space Science Reviews},
year = {1996},
volume = {75},
number = {3},
pages = {453--509},
month = feb
}

@article{Lovis:2011vs,
author = {Lovis, C and Dumusque, X and Santos, N C and Bouchy, F and Mayor, M and Pepe, F and Queloz, D and S{\'e}gransan, D and Udry, S},
title = {{The HARPS search for southern extra-solar planets. XXXI. Magnetic activity cycles in solar-type stars: statistics and impact on precise radial velocities}},
journal = {arXiv},
year = {2011},
eprint = {1107.5325v1},
eprinttype = {arxiv},
eprintclass = {astro-ph.SR},
month = jul
}

@article{Dumusque:2011uz,
author = {Dumusque, X and Lovis, C and S{\'e}gransan, D and Mayor, M and Udry, S and Benz, W and Bouchy, F and Lo Curto, G and Mordasini, C and Pepe, F and Queloz, D and Santos, N C and Naef, D},
title = {{The HARPS search for southern extra-solar planets. XXX. Planetary systems around stars with solar-like magnetic cycles and short-term activity variation}},
journal = {arXiv},
year = {2011},
eprint = {1107.1748v1},
eprinttype = {arxiv},
eprintclass = {astro-ph.EP},
month = jul
}

@article{2013arXiv1304.5505L,
author = {Lagrange, A-M and Meunier, N and Chauvin, G and Sterzik, M and Galland, F and Lo Curto, G and Rameau, J and Sosnowska, D},
title = {{Planets around stars in young nearby associations *** radial Velocity searches: a feasibility study, and first results}},
journal = {arXiv},
year = {2013},
eprint = {1304.5505},
eprinttype = {arxiv},
eprintclass = {astro-ph.EP},
pages = {5505},
month = apr
}

@article{2007A&A...466.1131R,
author = {Rezaei, R and Schlichenmaier, R and Beck, C A R and Bruls, J H M J and Schmidt, W},
title = {{Relation between photospheric magnetic field and chromospheric emission}},
journal = {A{\&}A},
year = {2007},
volume = {466},
number = {3},
pages = {1131--1144},
month = may
}

@article{2013A&A...551A.101M,
author = {Meunier, N and Lagrange, A-M},
title = {{Using the Sun to estimate Earth-like planets detection capabilities. IV. Correcting for the convective component}},
journal = {A{\&}A},
year = {2013},
volume = {551},
pages = {101},
month = mar
}

